<record><leader>00000cas a2200000 a 4500</leader><controlfield tag="001">34766404</controlfield><controlfield tag="008">960521d19351946oruwr ne      0   a0eng c</controlfield><datafield ind1=" " ind2=" " tag="010"><subfield code="a">sn 96088488 </subfield></datafield><datafield ind1=" " ind2=" " tag="040"><subfield code="a">SOS</subfield><subfield code="b">eng</subfield><subfield code="c">SOS</subfield><subfield code="d">OCN</subfield><subfield code="d">OCL</subfield><subfield code="d">OCLCQ</subfield><subfield code="d">ORU</subfield><subfield code="d">OCLCQ</subfield><subfield code="d">OCLCF</subfield><subfield code="d">OCLCO</subfield></datafield><datafield ind1=" " ind2=" " tag="042"><subfield code="a">pcc</subfield></datafield><datafield ind1=" " ind2=" " tag="043"><subfield code="a">n-us-or</subfield></datafield><datafield ind1=" " ind2=" " tag="090"><subfield code="a">AN2</subfield><subfield code="b">.J352x</subfield></datafield><datafield ind1="0" ind2="0" tag="245"><subfield code="a">Southern Oregon miner.</subfield></datafield><datafield ind1=" " ind2=" " tag="260"><subfield code="a">Ashland, Or. :</subfield><subfield code="b">L.N. Hall,</subfield><subfield code="c">1935-1946.</subfield></datafield><datafield ind1=" " ind2=" " tag="300"><subfield code="a">v. :</subfield><subfield code="b">ill.</subfield></datafield><datafield ind1=" " ind2=" " tag="310"><subfield code="a">Weekly</subfield></datafield><datafield ind1="0" ind2=" " tag="362"><subfield code="a">Vol. 4, no. 4 (Jan. 25, 1935)-v. 13, no. 18 (June 27, 1946).</subfield></datafield><datafield ind1=" " ind2=" " tag="530"><subfield code="a">Also issued on microfilm from University of Oregon.</subfield></datafield><datafield ind1=" " ind2="0" tag="651"><subfield code="a">Ashland (Or.)</subfield><subfield code="v">Newspapers.</subfield></datafield><datafield ind1=" " ind2="7" tag="655"><subfield code="a">Newspapers.</subfield><subfield code="2">fast</subfield><subfield code="0">(OCoLC)fst01423814</subfield></datafield><datafield ind1=" " ind2="7" tag="651"><subfield code="a">Oregon</subfield><subfield code="z">Ashland.</subfield><subfield code="2">fast</subfield><subfield code="0">(OCoLC)fst01207489</subfield></datafield><datafield ind1=" " ind2=" " tag="752"><subfield code="a">United States</subfield><subfield code="b">Oregon</subfield><subfield code="c">Jackson</subfield><subfield code="d">Ashland.</subfield></datafield><datafield ind1="0" ind2="0" tag="780"><subfield code="t">Jacksonville miner</subfield><subfield code="w">(DLC)sn 96088487</subfield><subfield code="w">(OCoLC)34768107</subfield></datafield><datafield ind1="0" ind2="0" tag="785"><subfield code="t">Southern Oregon news review</subfield><subfield code="w">(DLC)sn 96088491</subfield><subfield code="w">(OCoLC)34766483</subfield></datafield></record>